<record><leader>00000cas a22000007a 4500</leader><controlfield tag="001">13500835</controlfield><controlfield tag="008">860428d18611862nvudn ne      0    0eng d</controlfield><datafield ind1=" " ind2=" " tag="010"><subfield code="a">sn 86076100 </subfield></datafield><datafield ind1=" " ind2=" " tag="040"><subfield code="a">NNX</subfield><subfield code="b">eng</subfield><subfield code="c">NNX</subfield><subfield code="d">CNK</subfield><subfield code="d">CNW</subfield><subfield code="d">OCL</subfield><subfield code="d">OCLCQ</subfield><subfield code="d">OCLCF</subfield><subfield code="d">OCLCO</subfield></datafield><datafield ind1="1" ind2=" " tag="029"><subfield code="a">AU@</subfield><subfield code="b">000020236431</subfield></datafield><datafield ind1=" " ind2=" " tag="042"><subfield code="a">msc</subfield></datafield><datafield ind1=" " ind2=" " tag="043"><subfield code="a">n-us-nv</subfield></datafield><datafield ind1="0" ind2="0" tag="245"><subfield code="a">Daily silver age.</subfield></datafield><datafield ind1="3" ind2="0" tag="246"><subfield code="a">Silver age</subfield></datafield><datafield ind1=" " ind2=" " tag="260"><subfield code="a">Carson City, N.T. [i.e. Nev.] :</subfield><subfield code="b">J.C. Lewis,</subfield><subfield code="c">1861-</subfield></datafield><datafield ind1=" " ind2=" " tag="300"><subfield code="a">v.</subfield></datafield><datafield ind1=" " ind2=" " tag="310"><subfield code="a">Daily (except Mon.)</subfield></datafield><datafield ind1="0" ind2=" " tag="362"><subfield code="a">Vol. 1, no. 1 (Aug. 26, 1861)-</subfield></datafield><datafield ind1="1" ind2=" " tag="362"><subfield code="a">Ceased with Nov. 2, 1862 issue.</subfield><subfield code="z">Cf. Lingenfelter, R. Newspapers of Nev., 1854-1979.</subfield></datafield><datafield ind1=" " ind2=" " tag="500"><subfield code="a">Title from publisher's statement: Silver age, &lt;Sept. 15, 1861&gt;.</subfield></datafield><datafield ind1=" " ind2=" " tag="500"><subfield code="a">First daily newspaper published in Nevada Cf. Lingenfelter, R. Newspapers of Nev., 1854-1979.</subfield></datafield><datafield ind1=" " ind2=" " tag="500"><subfield code="a">Publisher: &lt;Sept. 15, 1861&gt;-&lt;Oct. 20, 1861&gt; J.C. Lewis &amp; G.T. Sewall; &lt;Oct. 2, 1862&gt;, Age Association.</subfield></datafield><datafield ind1=" " ind2="0" tag="651"><subfield code="a">Carson City (Nev.)</subfield><subfield code="v">Newspapers.</subfield></datafield><datafield ind1=" " ind2="7" tag="655"><subfield code="a">Newspapers.</subfield><subfield code="2">fast</subfield><subfield code="0">(OCoLC)fst01423814</subfield></datafield><datafield ind1=" " ind2="7" tag="651"><subfield code="a">Nevada</subfield><subfield code="z">Carson City.</subfield><subfield code="2">fast</subfield><subfield code="0">(OCoLC)fst01204369</subfield></datafield><datafield ind1=" " ind2=" " tag="752"><subfield code="a">United States</subfield><subfield code="b">Nevada</subfield><subfield code="c">Ormsby</subfield><subfield code="d">Carson City.</subfield></datafield><datafield ind1=" " ind2=" " tag="752"><subfield code="a">United States</subfield><subfield code="b">Nevada</subfield><subfield code="c">Carson City</subfield><subfield code="d">Carson City.</subfield></datafield><datafield ind1="0" ind2="0" tag="780"><subfield code="t">Silver age (Carson City, Nev.)</subfield><subfield code="w">(DLC)sn 86076096</subfield></datafield><datafield ind1="0" ind2="0" tag="785"><subfield code="t">Virginia daily union</subfield><subfield code="w">(DLC)sn 84022055</subfield><subfield code="w">(OCoLC)10269810</subfield></datafield></record>